<?xml version="1.0" encoding="UTF-8"?><collection xmlns="http://www.loc.gov/MARC21/slim"><record><leader>00566nam--2200181-i-4500</leader><controlfield tag="001">000011817</controlfield><controlfield tag="002">20161230</controlfield><controlfield tag="005">20161230201029</controlfield><controlfield tag="008">060222s1000------------r-----000-0-rum-d</controlfield><datafield ind1=" " ind2=" " tag="040"><subfield code="a">IFIN-HH</subfield></datafield><datafield ind1=" " ind2=" " tag="041"><subfield code="a">rum</subfield></datafield><datafield ind1=" " ind2=" " tag="080"><subfield code="a">017.1(498)</subfield></datafield><datafield ind1="1" ind2=" " tag="100"><subfield code="a">Curcaneanu, Victoria</subfield></datafield><datafield ind1="1" ind2="0" tag="245"><subfield code="a">Ghid de catalogare si clasificare a colectiilor bibliotecilor universitare din romania</subfield><subfield code="c">Victoria curcaneanu (elaborat de un colectiv coordonat de)</subfield></datafield><datafield ind1=" " ind2=" " tag="260"><subfield code="a">Bucuresti</subfield><subfield code="b">Tipografia Unversitatii</subfield><subfield code="c">1976</subfield></datafield><datafield ind1=" " ind2=" " tag="300"><subfield code="a">VII+474P</subfield></datafield><datafield ind1=" " ind2=" " tag="852"><subfield code="a">43511</subfield><subfield code="c">02</subfield></datafield><datafield ind1=" " ind2=" " tag="CAT"><subfield code="a">Sys</subfield><subfield code="c">20120808</subfield><subfield code="h">093410</subfield></datafield></record></collection>